%YAML 1.1
%TAG !u! tag:unity3d.com,2011:
--- !u!1 &1972312827
GameObject:
  m_ObjectHideFlags: 0
  m_CorrespondingSourceObject: {fileID: 0}
  m_PrefabInstance: {fileID: 0}
  m_PrefabAsset: {fileID: 0}
  serializedVersion: 6
  m_Component:
  - component: {fileID: 1972312828}
  - component: {fileID: 1972312832}
  - component: {fileID: 1972312831}
  - component: {fileID: 1972312830}
  - component: {fileID: 1972312829}
  m_Layer: 11
  m_Name: Highlighter Advertisement (1)
  m_TagString: Untagged
  m_Icon: {fileID: 0}
  m_NavMeshLayer: 0
  m_StaticEditorFlags: 4294967295
  m_IsActive: 1
--- !u!4 &1972312828
Transform:
  m_ObjectHideFlags: 0
  m_CorrespondingSourceObject: {fileID: 0}
  m_PrefabInstance: {fileID: 0}
  m_PrefabAsset: {fileID: 0}
  m_GameObject: {fileID: 1972312827}
  m_LocalRotation: {x: -0, y: 0.7072302, z: 0.7069834, w: 0}
  m_LocalPosition: {x: 0.00054, y: 0, z: 0.00098}
  m_LocalScale: {x: -0.0041632154, y: 0.05136781, z: 0.10145264}
  m_Children: []
  m_Father: {fileID: 8273308704929516332}
  m_RootOrder: 3
  m_LocalEulerAnglesHint: {x: 0, y: 0, z: 0}
--- !u!33 &1972312832
MeshFilter:
  m_ObjectHideFlags: 0
  m_CorrespondingSourceObject: {fileID: 0}
  m_PrefabInstance: {fileID: 0}
  m_PrefabAsset: {fileID: 0}
  m_GameObject: {fileID: 1972312827}
  m_Mesh: {fileID: 10202, guid: 0000000000000000e000000000000000, type: 0}
--- !u!23 &1972312831
MeshRenderer:
  m_ObjectHideFlags: 0
  m_CorrespondingSourceObject: {fileID: 0}
  m_PrefabInstance: {fileID: 0}
  m_PrefabAsset: {fileID: 0}
  m_GameObject: {fileID: 1972312827}
  m_Enabled: 1
  m_CastShadows: 1
  m_ReceiveShadows: 1
  m_DynamicOccludee: 1
  m_MotionVectors: 1
  m_LightProbeUsage: 1
  m_ReflectionProbeUsage: 1
  m_RenderingLayerMask: 1
  m_RendererPriority: 0
  m_Materials:
  - {fileID: 2100000, guid: 3059706abc7f84f4a963095a952d7a1d, type: 2}
  m_StaticBatchInfo:
    firstSubMesh: 0
    subMeshCount: 0
  m_StaticBatchRoot: {fileID: 0}
  m_ProbeAnchor: {fileID: 0}
  m_LightProbeVolumeOverride: {fileID: 0}
  m_ScaleInLightmap: 1
  m_ReceiveGI: 1
  m_PreserveUVs: 0
  m_IgnoreNormalsForChartDetection: 0
  m_ImportantGI: 0
  m_StitchLightmapSeams: 1
  m_SelectedEditorRenderState: 3
  m_MinimumChartSize: 4
  m_AutoUVMaxDistance: 0.5
  m_AutoUVMaxAngle: 89
  m_LightmapParameters: {fileID: 0}
  m_SortingLayerID: 0
  m_SortingLayer: 0
  m_SortingOrder: 0
--- !u!114 &1972312830
MonoBehaviour:
  m_ObjectHideFlags: 0
  m_CorrespondingSourceObject: {fileID: 0}
  m_PrefabInstance: {fileID: 0}
  m_PrefabAsset: {fileID: 0}
  m_GameObject: {fileID: 1972312827}
  m_Enabled: 1
  m_EditorHideFlags: 0
  m_Script: {fileID: 11500000, guid: 67d4de287b46eb34e83a61e4f9115070, type: 3}
  m_Name: 
  m_EditorClassIdentifier: 
--- !u!114 &1972312829
MonoBehaviour:
  m_ObjectHideFlags: 0
  m_CorrespondingSourceObject: {fileID: 0}
  m_PrefabInstance: {fileID: 0}
  m_PrefabAsset: {fileID: 0}
  m_GameObject: {fileID: 1972312827}
  m_Enabled: 1
  m_EditorHideFlags: 0
  m_Script: {fileID: 11500000, guid: 6f5fd9f4d6dfd8948960b397bf9d0de5, type: 3}
  m_Name: 
  m_EditorClassIdentifier: 
  seeThrough: 0
  speed: 0
--- !u!65 &5008837591188569712
BoxCollider:
  m_ObjectHideFlags: 0
  m_CorrespondingSourceObject: {fileID: 0}
  m_PrefabInstance: {fileID: 0}
  m_PrefabAsset: {fileID: 0}
  m_GameObject: {fileID: 4939300583357970751}
  m_Material: {fileID: 0}
  m_IsTrigger: 1
  m_Enabled: 1
  serializedVersion: 2
  m_Size: {x: 0.033730954, y: 0.099999994, z: 0.07618796}
  m_Center: {x: -0.014353004, y: -0.0000000029804816, z: -0.01159404}
--- !u!114 &521188394
MonoBehaviour:
  m_ObjectHideFlags: 0
  m_CorrespondingSourceObject: {fileID: 0}
  m_PrefabInstance: {fileID: 0}
  m_PrefabAsset: {fileID: 0}
  m_GameObject: {fileID: 4939300583357970751}
  m_Enabled: 1
  m_EditorHideFlags: 0
  m_Script: {fileID: 11500000, guid: c35d7450eaf36844183e3772b202143a, type: 3}
  m_Name: 
  m_EditorClassIdentifier: 
  allAdvertisements: []
  adTextures: []
  adPanelMesh: {fileID: 5519739123728788861}
  youtubePlayerRef: {fileID: 1335768837600365523}
  advertisementInteractionButton: {fileID: 295321159138817671}
  highlighterRef: {fileID: 1972312829}
  mainCameraRef: {fileID: 0}
  rotationDirection: 1
  reverseFace: 0
  advertisementTextureDownloadProgress: 0
  youtubeVideoDuration: 0
  isInitialized: 0
--- !u!114 &6014152719454041421
MonoBehaviour:
  m_ObjectHideFlags: 0
  m_CorrespondingSourceObject: {fileID: 0}
  m_PrefabInstance: {fileID: 0}
  m_PrefabAsset: {fileID: 0}
  m_GameObject: {fileID: 295321159138817671}
  m_Enabled: 1
  m_EditorHideFlags: 0
  m_Script: {fileID: 11500000, guid: d0b148fe25e99eb48b9724523833bab1, type: 3}
  m_Name: 
  m_EditorClassIdentifier: 
  m_Delegates:
  - eventID: 3
    callback:
      m_PersistentCalls:
        m_Calls:
        - m_Target: {fileID: 0}
          m_MethodName: Play
          m_Mode: 1
          m_Arguments:
            m_ObjectArgument: {fileID: 0}
            m_ObjectArgumentAssemblyTypeName: UnityEngine.Object, UnityEngine
            m_IntArgument: 0
            m_FloatArgument: 0
            m_StringArgument: 
            m_BoolArgument: 0
          m_CallState: 2
        - m_Target: {fileID: 0}
          m_MethodName: OnInteracted
          m_Mode: 1
          m_Arguments:
            m_ObjectArgument: {fileID: 0}
            m_ObjectArgumentAssemblyTypeName: UnityEngine.Object, UnityEngine
            m_IntArgument: 0
            m_FloatArgument: 0
            m_StringArgument: 
            m_BoolArgument: 0
          m_CallState: 2
--- !u!1001 &1377045025713889595
PrefabInstance:
  m_ObjectHideFlags: 0
  serializedVersion: 2
  m_Modification:
    m_TransformParent: {fileID: 8273308704929516332}
    m_Modifications:
    - target: {fileID: 1701608181382642, guid: 5d410f561f4a06c4f93067d94dc545ce, type: 3}
      propertyPath: m_Name
      value: YoutubeAdvanced
      objectReference: {fileID: 0}
    - target: {fileID: 1701608181382642, guid: 5d410f561f4a06c4f93067d94dc545ce, type: 3}
      propertyPath: m_IsActive
      value: 0
      objectReference: {fileID: 0}
    - target: {fileID: 1995527663379098, guid: 5d410f561f4a06c4f93067d94dc545ce, type: 3}
      propertyPath: m_IsActive
      value: 0
      objectReference: {fileID: 0}
    - target: {fileID: 4389680714450716, guid: 5d410f561f4a06c4f93067d94dc545ce, type: 3}
      propertyPath: m_LocalPosition.x
      value: 0
      objectReference: {fileID: 0}
    - target: {fileID: 4389680714450716, guid: 5d410f561f4a06c4f93067d94dc545ce, type: 3}
      propertyPath: m_LocalPosition.y
      value: 0
      objectReference: {fileID: 0}
    - target: {fileID: 4389680714450716, guid: 5d410f561f4a06c4f93067d94dc545ce, type: 3}
      propertyPath: m_LocalPosition.z
      value: 0
      objectReference: {fileID: 0}
    - target: {fileID: 4389680714450716, guid: 5d410f561f4a06c4f93067d94dc545ce, type: 3}
      propertyPath: m_LocalRotation.x
      value: 0
      objectReference: {fileID: 0}
    - target: {fileID: 4389680714450716, guid: 5d410f561f4a06c4f93067d94dc545ce, type: 3}
      propertyPath: m_LocalRotation.y
      value: 0
      objectReference: {fileID: 0}
    - target: {fileID: 4389680714450716, guid: 5d410f561f4a06c4f93067d94dc545ce, type: 3}
      propertyPath: m_LocalRotation.z
      value: 0
      objectReference: {fileID: 0}
    - target: {fileID: 4389680714450716, guid: 5d410f561f4a06c4f93067d94dc545ce, type: 3}
      propertyPath: m_LocalRotation.w
      value: 1
      objectReference: {fileID: 0}
    - target: {fileID: 4389680714450716, guid: 5d410f561f4a06c4f93067d94dc545ce, type: 3}
      propertyPath: m_RootOrder
      value: 2
      objectReference: {fileID: 0}
    - target: {fileID: 4389680714450716, guid: 5d410f561f4a06c4f93067d94dc545ce, type: 3}
      propertyPath: m_LocalEulerAnglesHint.x
      value: 0
      objectReference: {fileID: 0}
    - target: {fileID: 4389680714450716, guid: 5d410f561f4a06c4f93067d94dc545ce, type: 3}
      propertyPath: m_LocalEulerAnglesHint.y
      value: 0
      objectReference: {fileID: 0}
    - target: {fileID: 4389680714450716, guid: 5d410f561f4a06c4f93067d94dc545ce, type: 3}
      propertyPath: m_LocalEulerAnglesHint.z
      value: 0
      objectReference: {fileID: 0}
    - target: {fileID: 4389680714450716, guid: 5d410f561f4a06c4f93067d94dc545ce, type: 3}
      propertyPath: m_LocalScale.x
      value: 1
      objectReference: {fileID: 0}
    - target: {fileID: 4389680714450716, guid: 5d410f561f4a06c4f93067d94dc545ce, type: 3}
      propertyPath: m_LocalScale.y
      value: 1
      objectReference: {fileID: 0}
    - target: {fileID: 4389680714450716, guid: 5d410f561f4a06c4f93067d94dc545ce, type: 3}
      propertyPath: m_LocalScale.z
      value: 1
      objectReference: {fileID: 0}
    - target: {fileID: 4894226762059796, guid: 5d410f561f4a06c4f93067d94dc545ce, type: 3}
      propertyPath: m_LocalRotation.x
      value: -0.70710677
      objectReference: {fileID: 0}
    - target: {fileID: 4894226762059796, guid: 5d410f561f4a06c4f93067d94dc545ce, type: 3}
      propertyPath: m_LocalRotation.y
      value: 0.70710677
      objectReference: {fileID: 0}
    - target: {fileID: 4894226762059796, guid: 5d410f561f4a06c4f93067d94dc545ce, type: 3}
      propertyPath: m_LocalRotation.z
      value: 0.00008639637
      objectReference: {fileID: 0}
    - target: {fileID: 4894226762059796, guid: 5d410f561f4a06c4f93067d94dc545ce, type: 3}
      propertyPath: m_LocalRotation.w
      value: -0.00008639637
      objectReference: {fileID: 0}
    - target: {fileID: 4894226762059796, guid: 5d410f561f4a06c4f93067d94dc545ce, type: 3}
      propertyPath: m_LocalPosition.x
      value: -0.0004
      objectReference: {fileID: 0}
    - target: {fileID: 4894226762059796, guid: 5d410f561f4a06c4f93067d94dc545ce, type: 3}
      propertyPath: m_LocalScale.x
      value: 0.0099909995
      objectReference: {fileID: 0}
    - target: {fileID: 4894226762059796, guid: 5d410f561f4a06c4f93067d94dc545ce, type: 3}
      propertyPath: m_LocalScale.y
      value: 0.0000074009513
      objectReference: {fileID: 0}
    - target: {fileID: 4894226762059796, guid: 5d410f561f4a06c4f93067d94dc545ce, type: 3}
      propertyPath: m_LocalScale.z
      value: 0.0051652277
      objectReference: {fileID: 0}
    - target: {fileID: 4894226762059796, guid: 5d410f561f4a06c4f93067d94dc545ce, type: 3}
      propertyPath: m_LocalEulerAnglesHint.x
      value: -180
      objectReference: {fileID: 0}
    - target: {fileID: 4894226762059796, guid: 5d410f561f4a06c4f93067d94dc545ce, type: 3}
      propertyPath: m_LocalEulerAnglesHint.y
      value: 0.014
      objectReference: {fileID: 0}
    - target: {fileID: 4894226762059796, guid: 5d410f561f4a06c4f93067d94dc545ce, type: 3}
      propertyPath: m_LocalEulerAnglesHint.z
      value: 90
      objectReference: {fileID: 0}
    - target: {fileID: 82278814088756274, guid: 5d410f561f4a06c4f93067d94dc545ce,
        type: 3}
      propertyPath: m_Enabled
      value: 0
      objectReference: {fileID: 0}
    - target: {fileID: 114179375918869224, guid: 5d410f561f4a06c4f93067d94dc545ce,
        type: 3}
      propertyPath: youtubeUrl
      value: 
      objectReference: {fileID: 0}
    - target: {fileID: 328882641200394266, guid: 5d410f561f4a06c4f93067d94dc545ce,
        type: 3}
      propertyPath: m_AudioOutputMode
      value: 0
      objectReference: {fileID: 0}
    m_RemovedComponents: []
  m_SourcePrefab: {fileID: 100100000, guid: 5d410f561f4a06c4f93067d94dc545ce, type: 3}
--- !u!114 &1335768837600365523 stripped
MonoBehaviour:
  m_CorrespondingSourceObject: {fileID: 114179375918869224, guid: 5d410f561f4a06c4f93067d94dc545ce,
    type: 3}
  m_PrefabInstance: {fileID: 1377045025713889595}
  m_PrefabAsset: {fileID: 0}
  m_GameObject: {fileID: 0}
  m_Enabled: 1
  m_EditorHideFlags: 0
  m_Script: {fileID: 11500000, guid: 5e7418089f4181645b5df8f90e317bf4, type: 3}
  m_Name: 
  m_EditorClassIdentifier: 
--- !u!1001 &4011025704201297974
PrefabInstance:
  m_ObjectHideFlags: 0
  serializedVersion: 2
  m_Modification:
    m_TransformParent: {fileID: 0}
    m_Modifications:
    - target: {fileID: -4216859302048453862, guid: 394df0d43d451854fbb90c983c166839,
        type: 3}
      propertyPath: m_LocalPosition.x
      value: 4.35
      objectReference: {fileID: 0}
    - target: {fileID: -4216859302048453862, guid: 394df0d43d451854fbb90c983c166839,
        type: 3}
      propertyPath: m_LocalPosition.y
      value: 0.5
      objectReference: {fileID: 0}
    - target: {fileID: -4216859302048453862, guid: 394df0d43d451854fbb90c983c166839,
        type: 3}
      propertyPath: m_LocalPosition.z
      value: 4.93
      objectReference: {fileID: 0}
    - target: {fileID: -4216859302048453862, guid: 394df0d43d451854fbb90c983c166839,
        type: 3}
      propertyPath: m_LocalRotation.x
      value: -0.49991274
      objectReference: {fileID: 0}
    - target: {fileID: -4216859302048453862, guid: 394df0d43d451854fbb90c983c166839,
        type: 3}
      propertyPath: m_LocalRotation.y
      value: -0.50008726
      objectReference: {fileID: 0}
    - target: {fileID: -4216859302048453862, guid: 394df0d43d451854fbb90c983c166839,
        type: 3}
      propertyPath: m_LocalRotation.z
      value: -0.49991274
      objectReference: {fileID: 0}
    - target: {fileID: -4216859302048453862, guid: 394df0d43d451854fbb90c983c166839,
        type: 3}
      propertyPath: m_LocalRotation.w
      value: 0.50008726
      objectReference: {fileID: 0}
    - target: {fileID: -4216859302048453862, guid: 394df0d43d451854fbb90c983c166839,
        type: 3}
      propertyPath: m_RootOrder
      value: 0
      objectReference: {fileID: 0}
    - target: {fileID: -4216859302048453862, guid: 394df0d43d451854fbb90c983c166839,
        type: 3}
      propertyPath: m_LocalEulerAnglesHint.x
      value: -89.98
      objectReference: {fileID: 0}
    - target: {fileID: -4216859302048453862, guid: 394df0d43d451854fbb90c983c166839,
        type: 3}
      propertyPath: m_LocalEulerAnglesHint.y
      value: -90
      objectReference: {fileID: 0}
    - target: {fileID: -4216859302048453862, guid: 394df0d43d451854fbb90c983c166839,
        type: 3}
      propertyPath: m_LocalEulerAnglesHint.z
      value: 0
      objectReference: {fileID: 0}
    - target: {fileID: -4216859302048453862, guid: 394df0d43d451854fbb90c983c166839,
        type: 3}
      propertyPath: m_LocalScale.x
      value: 10
      objectReference: {fileID: 0}
    - target: {fileID: -4216859302048453862, guid: 394df0d43d451854fbb90c983c166839,
        type: 3}
      propertyPath: m_LocalScale.y
      value: 10
      objectReference: {fileID: 0}
    - target: {fileID: -4216859302048453862, guid: 394df0d43d451854fbb90c983c166839,
        type: 3}
      propertyPath: m_LocalScale.z
      value: 10
      objectReference: {fileID: 0}
    - target: {fileID: -3593014565731453186, guid: 394df0d43d451854fbb90c983c166839,
        type: 3}
      propertyPath: m_Layer
      value: 17
      objectReference: {fileID: 0}
    - target: {fileID: -3593014565731453186, guid: 394df0d43d451854fbb90c983c166839,
        type: 3}
      propertyPath: m_StaticEditorFlags
      value: 4294967295
      objectReference: {fileID: 0}
    - target: {fileID: -927199367670048503, guid: 394df0d43d451854fbb90c983c166839,
        type: 3}
      propertyPath: m_Name
      value: Medium Panel Variant
      objectReference: {fileID: 0}
    - target: {fileID: -927199367670048503, guid: 394df0d43d451854fbb90c983c166839,
        type: 3}
      propertyPath: m_Layer
      value: 17
      objectReference: {fileID: 0}
    - target: {fileID: -927199367670048503, guid: 394df0d43d451854fbb90c983c166839,
        type: 3}
      propertyPath: m_StaticEditorFlags
      value: 4294967295
      objectReference: {fileID: 0}
    - target: {fileID: -346764129348940469, guid: 394df0d43d451854fbb90c983c166839,
        type: 3}
      propertyPath: m_Materials.Array.data[0]
      value: 
      objectReference: {fileID: 2100000, guid: 64b63c6378d7cae4b9653be95a194b02, type: 2}
    m_RemovedComponents: []
  m_SourcePrefab: {fileID: 100100000, guid: 394df0d43d451854fbb90c983c166839, type: 3}
--- !u!1 &4939300583357970751 stripped
GameObject:
  m_CorrespondingSourceObject: {fileID: -927199367670048503, guid: 394df0d43d451854fbb90c983c166839,
    type: 3}
  m_PrefabInstance: {fileID: 4011025704201297974}
  m_PrefabAsset: {fileID: 0}
--- !u!4 &8273308704929516332 stripped
Transform:
  m_CorrespondingSourceObject: {fileID: -4216859302048453862, guid: 394df0d43d451854fbb90c983c166839,
    type: 3}
  m_PrefabInstance: {fileID: 4011025704201297974}
  m_PrefabAsset: {fileID: 0}
--- !u!23 &5519739123728788861 stripped
MeshRenderer:
  m_CorrespondingSourceObject: {fileID: -346764129348940469, guid: 394df0d43d451854fbb90c983c166839,
    type: 3}
  m_PrefabInstance: {fileID: 4011025704201297974}
  m_PrefabAsset: {fileID: 0}
--- !u!1001 &8333989378735070551
PrefabInstance:
  m_ObjectHideFlags: 0
  serializedVersion: 2
  m_Modification:
    m_TransformParent: {fileID: 8273308704929516332}
    m_Modifications:
    - target: {fileID: 53833198213426896, guid: 80665a3033adb454ab8e16eb23ecd013,
        type: 3}
      propertyPath: m_Name
      value: Shop Canvas (1)
      objectReference: {fileID: 0}
    - target: {fileID: 1089993916998942343, guid: 80665a3033adb454ab8e16eb23ecd013,
        type: 3}
      propertyPath: m_LocalPosition.x
      value: 0
      objectReference: {fileID: 0}
    - target: {fileID: 1089993916998942343, guid: 80665a3033adb454ab8e16eb23ecd013,
        type: 3}
      propertyPath: m_LocalPosition.y
      value: 0
      objectReference: {fileID: 0}
    - target: {fileID: 1089993916998942343, guid: 80665a3033adb454ab8e16eb23ecd013,
        type: 3}
      propertyPath: m_LocalPosition.z
      value: 0.0393
      objectReference: {fileID: 0}
    - target: {fileID: 1089993916998942343, guid: 80665a3033adb454ab8e16eb23ecd013,
        type: 3}
      propertyPath: m_LocalRotation.x
      value: 0.50729567
      objectReference: {fileID: 0}
    - target: {fileID: 1089993916998942343, guid: 80665a3033adb454ab8e16eb23ecd013,
        type: 3}
      propertyPath: m_LocalRotation.y
      value: 0.5080132
      objectReference: {fileID: 0}
    - target: {fileID: 1089993916998942343, guid: 80665a3033adb454ab8e16eb23ecd013,
        type: 3}
      propertyPath: m_LocalRotation.z
      value: 0.49187842
      objectReference: {fileID: 0}
    - target: {fileID: 1089993916998942343, guid: 80665a3033adb454ab8e16eb23ecd013,
        type: 3}
      propertyPath: m_LocalRotation.w
      value: 0.49257416
      objectReference: {fileID: 0}
    - target: {fileID: 1089993916998942343, guid: 80665a3033adb454ab8e16eb23ecd013,
        type: 3}
      propertyPath: m_RootOrder
      value: 1
      objectReference: {fileID: 0}
    - target: {fileID: 1089993916998942343, guid: 80665a3033adb454ab8e16eb23ecd013,
        type: 3}
      propertyPath: m_LocalEulerAnglesHint.x
      value: 180
      objectReference: {fileID: 0}
    - target: {fileID: 1089993916998942343, guid: 80665a3033adb454ab8e16eb23ecd013,
        type: 3}
      propertyPath: m_LocalEulerAnglesHint.y
      value: -88.231995
      objectReference: {fileID: 0}
    - target: {fileID: 1089993916998942343, guid: 80665a3033adb454ab8e16eb23ecd013,
        type: 3}
      propertyPath: m_LocalEulerAnglesHint.z
      value: -90.08099
      objectReference: {fileID: 0}
    - target: {fileID: 1089993916998942343, guid: 80665a3033adb454ab8e16eb23ecd013,
        type: 3}
      propertyPath: m_AnchoredPosition.x
      value: 0.0142
      objectReference: {fileID: 0}
    - target: {fileID: 1089993916998942343, guid: 80665a3033adb454ab8e16eb23ecd013,
        type: 3}
      propertyPath: m_AnchoredPosition.y
      value: -0
      objectReference: {fileID: 0}
    - target: {fileID: 1089993916998942343, guid: 80665a3033adb454ab8e16eb23ecd013,
        type: 3}
      propertyPath: m_SizeDelta.x
      value: 800
      objectReference: {fileID: 0}
    - target: {fileID: 1089993916998942343, guid: 80665a3033adb454ab8e16eb23ecd013,
        type: 3}
      propertyPath: m_SizeDelta.y
      value: 480
      objectReference: {fileID: 0}
    - target: {fileID: 1089993916998942343, guid: 80665a3033adb454ab8e16eb23ecd013,
        type: 3}
      propertyPath: m_AnchorMin.x
      value: 0
      objectReference: {fileID: 0}
    - target: {fileID: 1089993916998942343, guid: 80665a3033adb454ab8e16eb23ecd013,
        type: 3}
      propertyPath: m_AnchorMin.y
      value: 0
      objectReference: {fileID: 0}
    - target: {fileID: 1089993916998942343, guid: 80665a3033adb454ab8e16eb23ecd013,
        type: 3}
      propertyPath: m_AnchorMax.x
      value: 0
      objectReference: {fileID: 0}
    - target: {fileID: 1089993916998942343, guid: 80665a3033adb454ab8e16eb23ecd013,
        type: 3}
      propertyPath: m_AnchorMax.y
      value: 0
      objectReference: {fileID: 0}
    - target: {fileID: 1089993916998942343, guid: 80665a3033adb454ab8e16eb23ecd013,
        type: 3}
      propertyPath: m_Pivot.x
      value: 0.5
      objectReference: {fileID: 0}
    - target: {fileID: 1089993916998942343, guid: 80665a3033adb454ab8e16eb23ecd013,
        type: 3}
      propertyPath: m_Pivot.y
      value: 0.5
      objectReference: {fileID: 0}
    - target: {fileID: 3139897597003762555, guid: 80665a3033adb454ab8e16eb23ecd013,
        type: 3}
      propertyPath: m_LocalRotation.y
      value: -1
      objectReference: {fileID: 0}
    - target: {fileID: 3139897597003762555, guid: 80665a3033adb454ab8e16eb23ecd013,
        type: 3}
      propertyPath: m_LocalRotation.w
      value: 0
      objectReference: {fileID: 0}
    - target: {fileID: 3139897597003762555, guid: 80665a3033adb454ab8e16eb23ecd013,
        type: 3}
      propertyPath: m_LocalEulerAnglesHint.y
      value: -180
      objectReference: {fileID: 0}
    - target: {fileID: 5953636760730119252, guid: 80665a3033adb454ab8e16eb23ecd013,
        type: 3}
      propertyPath: m_Material
      value: 
      objectReference: {fileID: 2100000, guid: dd1f38f3a5a9b1c40ace075ce900d159, type: 2}
    - target: {fileID: 5953636760730119252, guid: 80665a3033adb454ab8e16eb23ecd013,
        type: 3}
      propertyPath: m_FontData.m_FontSize
      value: 1
      objectReference: {fileID: 0}
    - target: {fileID: 5953636760730119252, guid: 80665a3033adb454ab8e16eb23ecd013,
        type: 3}
      propertyPath: m_FontData.m_BestFit
      value: 1
      objectReference: {fileID: 0}
    - target: {fileID: 5953636760730119252, guid: 80665a3033adb454ab8e16eb23ecd013,
        type: 3}
      propertyPath: m_FontData.m_MinSize
      value: 1
      objectReference: {fileID: 0}
    - target: {fileID: 5953636760730119252, guid: 80665a3033adb454ab8e16eb23ecd013,
        type: 3}
      propertyPath: m_FontData.m_MaxSize
      value: 12
      objectReference: {fileID: 0}
    - target: {fileID: 5953636760730119252, guid: 80665a3033adb454ab8e16eb23ecd013,
        type: 3}
      propertyPath: m_Text
      value: Advertise here
      objectReference: {fileID: 0}
    - target: {fileID: 7316027799458505063, guid: 80665a3033adb454ab8e16eb23ecd013,
        type: 3}
      propertyPath: m_Material
      value: 
      objectReference: {fileID: 2100000, guid: dd1f38f3a5a9b1c40ace075ce900d159, type: 2}
    - target: {fileID: 8046182927062137341, guid: 80665a3033adb454ab8e16eb23ecd013,
        type: 3}
      propertyPath: m_Transition
      value: 1
      objectReference: {fileID: 0}
    - target: {fileID: 8046182927062137341, guid: 80665a3033adb454ab8e16eb23ecd013,
        type: 3}
      propertyPath: m_Colors.m_NormalColor.g
      value: 0.77675676
      objectReference: {fileID: 0}
    - target: {fileID: 8046182927062137341, guid: 80665a3033adb454ab8e16eb23ecd013,
        type: 3}
      propertyPath: m_Colors.m_NormalColor.b
      value: 0.13679248
      objectReference: {fileID: 0}
    - target: {fileID: 8046182927062137341, guid: 80665a3033adb454ab8e16eb23ecd013,
        type: 3}
      propertyPath: m_Colors.m_HighlightedColor.r
      value: 1
      objectReference: {fileID: 0}
    - target: {fileID: 8046182927062137341, guid: 80665a3033adb454ab8e16eb23ecd013,
        type: 3}
      propertyPath: m_Colors.m_HighlightedColor.g
      value: 0.77675676
      objectReference: {fileID: 0}
    - target: {fileID: 8046182927062137341, guid: 80665a3033adb454ab8e16eb23ecd013,
        type: 3}
      propertyPath: m_Colors.m_HighlightedColor.b
      value: 0.13679248
      objectReference: {fileID: 0}
    - target: {fileID: 8046182927062137341, guid: 80665a3033adb454ab8e16eb23ecd013,
        type: 3}
      propertyPath: m_Colors.m_HighlightedColor.a
      value: 0.6784314
      objectReference: {fileID: 0}
    - target: {fileID: 8046182927062137341, guid: 80665a3033adb454ab8e16eb23ecd013,
        type: 3}
      propertyPath: m_Colors.m_PressedColor.r
      value: 1
      objectReference: {fileID: 0}
    - target: {fileID: 8046182927062137341, guid: 80665a3033adb454ab8e16eb23ecd013,
        type: 3}
      propertyPath: m_Colors.m_PressedColor.g
      value: 0.77675676
      objectReference: {fileID: 0}
    - target: {fileID: 8046182927062137341, guid: 80665a3033adb454ab8e16eb23ecd013,
        type: 3}
      propertyPath: m_Colors.m_PressedColor.b
      value: 0.13679248
      objectReference: {fileID: 0}
    - target: {fileID: 8046182927062137341, guid: 80665a3033adb454ab8e16eb23ecd013,
        type: 3}
      propertyPath: m_Colors.m_PressedColor.a
      value: 0.30588236
      objectReference: {fileID: 0}
    - target: {fileID: 8046182927062137341, guid: 80665a3033adb454ab8e16eb23ecd013,
        type: 3}
      propertyPath: m_SpriteState.m_HighlightedSprite
      value: 
      objectReference: {fileID: 21300000, guid: f9f743a3c37afb64ba59b30af2290af0,
        type: 3}
    - target: {fileID: 8046182927062137341, guid: 80665a3033adb454ab8e16eb23ecd013,
        type: 3}
      propertyPath: m_SpriteState.m_PressedSprite
      value: 
      objectReference: {fileID: 21300000, guid: f9f743a3c37afb64ba59b30af2290af0,
        type: 3}
    - target: {fileID: 8046182927062137341, guid: 80665a3033adb454ab8e16eb23ecd013,
        type: 3}
      propertyPath: m_SpriteState.m_SelectedSprite
      value: 
      objectReference: {fileID: 21300000, guid: f9f743a3c37afb64ba59b30af2290af0,
        type: 3}
    - target: {fileID: 8046182927062137341, guid: 80665a3033adb454ab8e16eb23ecd013,
        type: 3}
      propertyPath: m_SpriteState.m_DisabledSprite
      value: 
      objectReference: {fileID: 21300000, guid: 2466178b24307694086f4038da0b2867,
        type: 3}
    m_RemovedComponents: []
  m_SourcePrefab: {fileID: 100100000, guid: 80665a3033adb454ab8e16eb23ecd013, type: 3}
--- !u!1 &295321159138817671 stripped
GameObject:
  m_CorrespondingSourceObject: {fileID: 8624804679055961040, guid: 80665a3033adb454ab8e16eb23ecd013,
    type: 3}
  m_PrefabInstance: {fileID: 8333989378735070551}
  m_PrefabAsset: {fileID: 0}
