%YAML 1.1
%TAG !u! tag:unity3d.com,2011:
--- !u!1 &5890782202624901918
GameObject:
  m_ObjectHideFlags: 0
  m_CorrespondingSourceObject: {fileID: 0}
  m_PrefabInstance: {fileID: 0}
  m_PrefabAsset: {fileID: 0}
  serializedVersion: 6
  m_Component:
  - component: {fileID: 7465590404775178509}
  - component: {fileID: 8673734427416747009}
  m_Layer: 11
  m_Name: Small Shop Variant
  m_TagString: Untagged
  m_Icon: {fileID: 0}
  m_NavMeshLayer: 0
  m_StaticEditorFlags: 4294967295
  m_IsActive: 1
--- !u!4 &7465590404775178509
Transform:
  m_ObjectHideFlags: 0
  m_CorrespondingSourceObject: {fileID: 0}
  m_PrefabInstance: {fileID: 0}
  m_PrefabAsset: {fileID: 0}
  m_GameObject: {fileID: 5890782202624901918}
  m_LocalRotation: {x: 0, y: 0, z: 0, w: 1}
  m_LocalPosition: {x: -0, y: 0, z: 0}
  m_LocalScale: {x: 100, y: 100, z: 100}
  m_Children:
  - {fileID: 4250073712163456733}
  - {fileID: 6229548008049828063}
  - {fileID: 5762290942537908320}
  m_Father: {fileID: 0}
  m_RootOrder: 0
  m_LocalEulerAnglesHint: {x: 0, y: 0, z: 0}
--- !u!114 &8673734427416747009
MonoBehaviour:
  m_ObjectHideFlags: 0
  m_CorrespondingSourceObject: {fileID: 0}
  m_PrefabInstance: {fileID: 0}
  m_PrefabAsset: {fileID: 0}
  m_GameObject: {fileID: 5890782202624901918}
  m_Enabled: 1
  m_EditorHideFlags: 0
  m_Script: {fileID: 11500000, guid: fe4d7faa923e2a24aa10d9b453b60531, type: 3}
  m_Name: 
  m_EditorClassIdentifier: 
  isActive: 0
  myInfo:
    VendorId: 
    VendorName: 
    VendorDescription: 
    VendorURL: 
    VendorStatus: 
    VendorFrontPicture: 
    VendorRightPicture: 
    VendorLeftPicture: 
    VendorIndex: 0
    IntVer: 0
    ShopLevel: 
    ShopPosition: 
    ShopRotation: 
    Advertisement: []
  adPanelMeshFront: {fileID: 0}
  adPanelMeshLeft: {fileID: 0}
  adPanelMeshRight: {fileID: 0}
  shopNameRotationSpeed: 1.5
  rotationDirection: 1
  shopNameTMPRef: {fileID: 6901956970634938454}
  mainCameraRef: {fileID: 0}
  reverseFace: 1
  shopInteractionButton: {fileID: 5075323482765284154}
--- !u!65 &6311165401455749124
BoxCollider:
  m_ObjectHideFlags: 0
  m_CorrespondingSourceObject: {fileID: 0}
  m_PrefabInstance: {fileID: 0}
  m_PrefabAsset: {fileID: 0}
  m_GameObject: {fileID: 8767554983126807155}
  m_Material: {fileID: 0}
  m_IsTrigger: 0
  m_Enabled: 1
  serializedVersion: 2
  m_Size: {x: 0.08600001, y: 0.045799997, z: 0.060001306}
  m_Center: {x: 0.00001446344, y: 0.008136628, z: 0.0023083435}
--- !u!1001 &751309576235235216
PrefabInstance:
  m_ObjectHideFlags: 0
  serializedVersion: 2
  m_Modification:
    m_TransformParent: {fileID: 7465590404775178509}
    m_Modifications:
    - target: {fileID: 44568522831991706, guid: 82ba5282711583e4690b1463da758d27,
        type: 3}
      propertyPath: m_Enabled
      value: 1
      objectReference: {fileID: 0}
    - target: {fileID: 3501121626473443661, guid: 82ba5282711583e4690b1463da758d27,
        type: 3}
      propertyPath: m_LocalPosition.x
      value: -0.0003
      objectReference: {fileID: 0}
    - target: {fileID: 3501121626473443661, guid: 82ba5282711583e4690b1463da758d27,
        type: 3}
      propertyPath: m_LocalPosition.y
      value: 0.01986
      objectReference: {fileID: 0}
    - target: {fileID: 3501121626473443661, guid: 82ba5282711583e4690b1463da758d27,
        type: 3}
      propertyPath: m_LocalPosition.z
      value: -0.00191
      objectReference: {fileID: 0}
    - target: {fileID: 3501121626473443661, guid: 82ba5282711583e4690b1463da758d27,
        type: 3}
      propertyPath: m_LocalRotation.x
      value: 1
      objectReference: {fileID: 0}
    - target: {fileID: 3501121626473443661, guid: 82ba5282711583e4690b1463da758d27,
        type: 3}
      propertyPath: m_LocalRotation.y
      value: -0
      objectReference: {fileID: 0}
    - target: {fileID: 3501121626473443661, guid: 82ba5282711583e4690b1463da758d27,
        type: 3}
      propertyPath: m_LocalRotation.z
      value: -0
      objectReference: {fileID: 0}
    - target: {fileID: 3501121626473443661, guid: 82ba5282711583e4690b1463da758d27,
        type: 3}
      propertyPath: m_LocalRotation.w
      value: 0
      objectReference: {fileID: 0}
    - target: {fileID: 3501121626473443661, guid: 82ba5282711583e4690b1463da758d27,
        type: 3}
      propertyPath: m_RootOrder
      value: 0
      objectReference: {fileID: 0}
    - target: {fileID: 3501121626473443661, guid: 82ba5282711583e4690b1463da758d27,
        type: 3}
      propertyPath: m_LocalEulerAnglesHint.x
      value: 0
      objectReference: {fileID: 0}
    - target: {fileID: 3501121626473443661, guid: 82ba5282711583e4690b1463da758d27,
        type: 3}
      propertyPath: m_LocalEulerAnglesHint.y
      value: 0
      objectReference: {fileID: 0}
    - target: {fileID: 3501121626473443661, guid: 82ba5282711583e4690b1463da758d27,
        type: 3}
      propertyPath: m_LocalEulerAnglesHint.z
      value: 0
      objectReference: {fileID: 0}
    - target: {fileID: 3501121626473443661, guid: 82ba5282711583e4690b1463da758d27,
        type: 3}
      propertyPath: m_LocalScale.x
      value: 0.089467466
      objectReference: {fileID: 0}
    - target: {fileID: 3501121626473443661, guid: 82ba5282711583e4690b1463da758d27,
        type: 3}
      propertyPath: m_LocalScale.z
      value: 0.060575705
      objectReference: {fileID: 0}
    - target: {fileID: 3501121626473443661, guid: 82ba5282711583e4690b1463da758d27,
        type: 3}
      propertyPath: m_LocalScale.y
      value: 0.018824656
      objectReference: {fileID: 0}
    - target: {fileID: 5881447510195083091, guid: 82ba5282711583e4690b1463da758d27,
        type: 3}
      propertyPath: m_Enabled
      value: 0
      objectReference: {fileID: 0}
    - target: {fileID: 6273412471601376932, guid: 82ba5282711583e4690b1463da758d27,
        type: 3}
      propertyPath: m_Name
      value: Entrance Trigger
      objectReference: {fileID: 0}
    m_RemovedComponents: []
  m_SourcePrefab: {fileID: 100100000, guid: 82ba5282711583e4690b1463da758d27, type: 3}
--- !u!4 &4250073712163456733 stripped
Transform:
  m_CorrespondingSourceObject: {fileID: 3501121626473443661, guid: 82ba5282711583e4690b1463da758d27,
    type: 3}
  m_PrefabInstance: {fileID: 751309576235235216}
  m_PrefabAsset: {fileID: 0}
--- !u!1001 &760389099989625722
PrefabInstance:
  m_ObjectHideFlags: 0
  serializedVersion: 2
  m_Modification:
    m_TransformParent: {fileID: 7465590404775178509}
    m_Modifications:
    - target: {fileID: -8828314690962026191, guid: fa71b218134274440b3896f409519de7,
        type: 3}
      propertyPath: m_StaticEditorFlags
      value: 4294967295
      objectReference: {fileID: 0}
    - target: {fileID: -8828314690962026191, guid: fa71b218134274440b3896f409519de7,
        type: 3}
      propertyPath: m_Layer
      value: 11
      objectReference: {fileID: 0}
    - target: {fileID: -8056653508216969308, guid: fa71b218134274440b3896f409519de7,
        type: 3}
      propertyPath: m_StaticEditorFlags
      value: 4294967295
      objectReference: {fileID: 0}
    - target: {fileID: -8056653508216969308, guid: fa71b218134274440b3896f409519de7,
        type: 3}
      propertyPath: m_Layer
      value: 11
      objectReference: {fileID: 0}
    - target: {fileID: -4216859302048453862, guid: fa71b218134274440b3896f409519de7,
        type: 3}
      propertyPath: m_LocalPosition.x
      value: -0
      objectReference: {fileID: 0}
    - target: {fileID: -4216859302048453862, guid: fa71b218134274440b3896f409519de7,
        type: 3}
      propertyPath: m_LocalPosition.y
      value: 0
      objectReference: {fileID: 0}
    - target: {fileID: -4216859302048453862, guid: fa71b218134274440b3896f409519de7,
        type: 3}
      propertyPath: m_LocalPosition.z
      value: 0
      objectReference: {fileID: 0}
    - target: {fileID: -4216859302048453862, guid: fa71b218134274440b3896f409519de7,
        type: 3}
      propertyPath: m_LocalRotation.x
      value: 1
      objectReference: {fileID: 0}
    - target: {fileID: -4216859302048453862, guid: fa71b218134274440b3896f409519de7,
        type: 3}
      propertyPath: m_LocalRotation.y
      value: 0
      objectReference: {fileID: 0}
    - target: {fileID: -4216859302048453862, guid: fa71b218134274440b3896f409519de7,
        type: 3}
      propertyPath: m_LocalRotation.z
      value: 0
      objectReference: {fileID: 0}
    - target: {fileID: -4216859302048453862, guid: fa71b218134274440b3896f409519de7,
        type: 3}
      propertyPath: m_LocalRotation.w
      value: 0
      objectReference: {fileID: 0}
    - target: {fileID: -4216859302048453862, guid: fa71b218134274440b3896f409519de7,
        type: 3}
      propertyPath: m_RootOrder
      value: 2
      objectReference: {fileID: 0}
    - target: {fileID: -4216859302048453862, guid: fa71b218134274440b3896f409519de7,
        type: 3}
      propertyPath: m_LocalEulerAnglesHint.x
      value: 180
      objectReference: {fileID: 0}
    - target: {fileID: -4216859302048453862, guid: fa71b218134274440b3896f409519de7,
        type: 3}
      propertyPath: m_LocalEulerAnglesHint.y
      value: 0
      objectReference: {fileID: 0}
    - target: {fileID: -4216859302048453862, guid: fa71b218134274440b3896f409519de7,
        type: 3}
      propertyPath: m_LocalEulerAnglesHint.z
      value: 0
      objectReference: {fileID: 0}
    - target: {fileID: -4216859302048453862, guid: fa71b218134274440b3896f409519de7,
        type: 3}
      propertyPath: m_LocalScale.x
      value: 1
      objectReference: {fileID: 0}
    - target: {fileID: -4216859302048453862, guid: fa71b218134274440b3896f409519de7,
        type: 3}
      propertyPath: m_LocalScale.y
      value: 1
      objectReference: {fileID: 0}
    - target: {fileID: -4216859302048453862, guid: fa71b218134274440b3896f409519de7,
        type: 3}
      propertyPath: m_LocalScale.z
      value: 1
      objectReference: {fileID: 0}
    - target: {fileID: -4035967220301502222, guid: fa71b218134274440b3896f409519de7,
        type: 3}
      propertyPath: m_StaticEditorFlags
      value: 4294967295
      objectReference: {fileID: 0}
    - target: {fileID: -4035967220301502222, guid: fa71b218134274440b3896f409519de7,
        type: 3}
      propertyPath: m_Layer
      value: 11
      objectReference: {fileID: 0}
    - target: {fileID: -927199367670048503, guid: fa71b218134274440b3896f409519de7,
        type: 3}
      propertyPath: m_Name
      value: Small Shop (1)
      objectReference: {fileID: 0}
    - target: {fileID: -927199367670048503, guid: fa71b218134274440b3896f409519de7,
        type: 3}
      propertyPath: m_StaticEditorFlags
      value: 4294967295
      objectReference: {fileID: 0}
    - target: {fileID: -927199367670048503, guid: fa71b218134274440b3896f409519de7,
        type: 3}
      propertyPath: m_Layer
      value: 11
      objectReference: {fileID: 0}
    - target: {fileID: 4814646354122264206, guid: fa71b218134274440b3896f409519de7,
        type: 3}
      propertyPath: m_StaticEditorFlags
      value: 4294967295
      objectReference: {fileID: 0}
    - target: {fileID: 4814646354122264206, guid: fa71b218134274440b3896f409519de7,
        type: 3}
      propertyPath: m_Layer
      value: 11
      objectReference: {fileID: 0}
    - target: {fileID: 8005398176388335096, guid: fa71b218134274440b3896f409519de7,
        type: 3}
      propertyPath: m_Materials.Array.data[0]
      value: 
      objectReference: {fileID: 2100000, guid: f5186933b7a52c3439b0359ca194809b, type: 2}
    m_RemovedComponents: []
  m_SourcePrefab: {fileID: 100100000, guid: fa71b218134274440b3896f409519de7, type: 3}
--- !u!1 &8767554983126807155 stripped
GameObject:
  m_CorrespondingSourceObject: {fileID: -927199367670048503, guid: fa71b218134274440b3896f409519de7,
    type: 3}
  m_PrefabInstance: {fileID: 760389099989625722}
  m_PrefabAsset: {fileID: 0}
--- !u!4 &5762290942537908320 stripped
Transform:
  m_CorrespondingSourceObject: {fileID: -4216859302048453862, guid: fa71b218134274440b3896f409519de7,
    type: 3}
  m_PrefabInstance: {fileID: 760389099989625722}
  m_PrefabAsset: {fileID: 0}
--- !u!1001 &3010343457751673543
PrefabInstance:
  m_ObjectHideFlags: 0
  serializedVersion: 2
  m_Modification:
    m_TransformParent: {fileID: 6229548008049828063}
    m_Modifications:
    - target: {fileID: 53833198213426896, guid: 80665a3033adb454ab8e16eb23ecd013,
        type: 3}
      propertyPath: m_Name
      value: Shop Canvas
      objectReference: {fileID: 0}
    - target: {fileID: 53833198213426896, guid: 80665a3033adb454ab8e16eb23ecd013,
        type: 3}
      propertyPath: m_Layer
      value: 0
      objectReference: {fileID: 0}
    - target: {fileID: 1089993916998942343, guid: 80665a3033adb454ab8e16eb23ecd013,
        type: 3}
      propertyPath: m_LocalPosition.x
      value: 0
      objectReference: {fileID: 0}
    - target: {fileID: 1089993916998942343, guid: 80665a3033adb454ab8e16eb23ecd013,
        type: 3}
      propertyPath: m_LocalPosition.y
      value: 0
      objectReference: {fileID: 0}
    - target: {fileID: 1089993916998942343, guid: 80665a3033adb454ab8e16eb23ecd013,
        type: 3}
      propertyPath: m_LocalPosition.z
      value: -0.015
      objectReference: {fileID: 0}
    - target: {fileID: 1089993916998942343, guid: 80665a3033adb454ab8e16eb23ecd013,
        type: 3}
      propertyPath: m_LocalRotation.x
      value: -0
      objectReference: {fileID: 0}
    - target: {fileID: 1089993916998942343, guid: 80665a3033adb454ab8e16eb23ecd013,
        type: 3}
      propertyPath: m_LocalRotation.y
      value: -0
      objectReference: {fileID: 0}
    - target: {fileID: 1089993916998942343, guid: 80665a3033adb454ab8e16eb23ecd013,
        type: 3}
      propertyPath: m_LocalRotation.z
      value: 0.00043611342
      objectReference: {fileID: 0}
    - target: {fileID: 1089993916998942343, guid: 80665a3033adb454ab8e16eb23ecd013,
        type: 3}
      propertyPath: m_LocalRotation.w
      value: -0.99999994
      objectReference: {fileID: 0}
    - target: {fileID: 1089993916998942343, guid: 80665a3033adb454ab8e16eb23ecd013,
        type: 3}
      propertyPath: m_RootOrder
      value: 0
      objectReference: {fileID: 0}
    - target: {fileID: 1089993916998942343, guid: 80665a3033adb454ab8e16eb23ecd013,
        type: 3}
      propertyPath: m_LocalEulerAnglesHint.x
      value: 90
      objectReference: {fileID: 0}
    - target: {fileID: 1089993916998942343, guid: 80665a3033adb454ab8e16eb23ecd013,
        type: 3}
      propertyPath: m_LocalEulerAnglesHint.y
      value: 180.04999
      objectReference: {fileID: 0}
    - target: {fileID: 1089993916998942343, guid: 80665a3033adb454ab8e16eb23ecd013,
        type: 3}
      propertyPath: m_LocalEulerAnglesHint.z
      value: 0
      objectReference: {fileID: 0}
    - target: {fileID: 1089993916998942343, guid: 80665a3033adb454ab8e16eb23ecd013,
        type: 3}
      propertyPath: m_AnchoredPosition.x
      value: 10.0021
      objectReference: {fileID: 0}
    - target: {fileID: 1089993916998942343, guid: 80665a3033adb454ab8e16eb23ecd013,
        type: 3}
      propertyPath: m_AnchoredPosition.y
      value: 2.518
      objectReference: {fileID: 0}
    - target: {fileID: 1089993916998942343, guid: 80665a3033adb454ab8e16eb23ecd013,
        type: 3}
      propertyPath: m_SizeDelta.x
      value: 800
      objectReference: {fileID: 0}
    - target: {fileID: 1089993916998942343, guid: 80665a3033adb454ab8e16eb23ecd013,
        type: 3}
      propertyPath: m_SizeDelta.y
      value: 480
      objectReference: {fileID: 0}
    - target: {fileID: 1089993916998942343, guid: 80665a3033adb454ab8e16eb23ecd013,
        type: 3}
      propertyPath: m_AnchorMin.x
      value: 0
      objectReference: {fileID: 0}
    - target: {fileID: 1089993916998942343, guid: 80665a3033adb454ab8e16eb23ecd013,
        type: 3}
      propertyPath: m_AnchorMin.y
      value: 0
      objectReference: {fileID: 0}
    - target: {fileID: 1089993916998942343, guid: 80665a3033adb454ab8e16eb23ecd013,
        type: 3}
      propertyPath: m_AnchorMax.x
      value: 0
      objectReference: {fileID: 0}
    - target: {fileID: 1089993916998942343, guid: 80665a3033adb454ab8e16eb23ecd013,
        type: 3}
      propertyPath: m_AnchorMax.y
      value: 0
      objectReference: {fileID: 0}
    - target: {fileID: 1089993916998942343, guid: 80665a3033adb454ab8e16eb23ecd013,
        type: 3}
      propertyPath: m_Pivot.x
      value: 0.5
      objectReference: {fileID: 0}
    - target: {fileID: 1089993916998942343, guid: 80665a3033adb454ab8e16eb23ecd013,
        type: 3}
      propertyPath: m_Pivot.y
      value: 0.5
      objectReference: {fileID: 0}
    - target: {fileID: 5462153962869690027, guid: 80665a3033adb454ab8e16eb23ecd013,
        type: 3}
      propertyPath: m_Layer
      value: 0
      objectReference: {fileID: 0}
    - target: {fileID: 8046182927062137341, guid: 80665a3033adb454ab8e16eb23ecd013,
        type: 3}
      propertyPath: m_OnClick.m_PersistentCalls.m_Calls.Array.size
      value: 1
      objectReference: {fileID: 0}
    - target: {fileID: 8046182927062137341, guid: 80665a3033adb454ab8e16eb23ecd013,
        type: 3}
      propertyPath: m_SpriteState.m_HighlightedSprite
      value: 
      objectReference: {fileID: 21300000, guid: f9f743a3c37afb64ba59b30af2290af0,
        type: 3}
    - target: {fileID: 8046182927062137341, guid: 80665a3033adb454ab8e16eb23ecd013,
        type: 3}
      propertyPath: m_SpriteState.m_PressedSprite
      value: 
      objectReference: {fileID: 21300000, guid: f9f743a3c37afb64ba59b30af2290af0,
        type: 3}
    - target: {fileID: 8046182927062137341, guid: 80665a3033adb454ab8e16eb23ecd013,
        type: 3}
      propertyPath: m_SpriteState.m_SelectedSprite
      value: 
      objectReference: {fileID: 21300000, guid: f9f743a3c37afb64ba59b30af2290af0,
        type: 3}
    - target: {fileID: 8046182927062137341, guid: 80665a3033adb454ab8e16eb23ecd013,
        type: 3}
      propertyPath: m_SpriteState.m_DisabledSprite
      value: 
      objectReference: {fileID: 21300000, guid: f9f743a3c37afb64ba59b30af2290af0,
        type: 3}
    - target: {fileID: 8046182927062137341, guid: 80665a3033adb454ab8e16eb23ecd013,
        type: 3}
      propertyPath: m_OnClick.m_PersistentCalls.m_Calls.Array.data[0].m_Mode
      value: 1
      objectReference: {fileID: 0}
    - target: {fileID: 8046182927062137341, guid: 80665a3033adb454ab8e16eb23ecd013,
        type: 3}
      propertyPath: m_OnClick.m_PersistentCalls.m_Calls.Array.data[0].m_CallState
      value: 2
      objectReference: {fileID: 0}
    - target: {fileID: 8046182927062137341, guid: 80665a3033adb454ab8e16eb23ecd013,
        type: 3}
      propertyPath: m_OnClick.m_PersistentCalls.m_Calls.Array.data[0].m_Target
      value: 
      objectReference: {fileID: 8673734427416747009}
    - target: {fileID: 8046182927062137341, guid: 80665a3033adb454ab8e16eb23ecd013,
        type: 3}
      propertyPath: m_OnClick.m_PersistentCalls.m_Calls.Array.data[0].m_MethodName
      value: OnInteracted
      objectReference: {fileID: 0}
    - target: {fileID: 8046182927062137341, guid: 80665a3033adb454ab8e16eb23ecd013,
        type: 3}
      propertyPath: m_OnClick.m_PersistentCalls.m_Calls.Array.data[0].m_Arguments.m_ObjectArgumentAssemblyTypeName
      value: UnityEngine.Object, UnityEngine
      objectReference: {fileID: 0}
    - target: {fileID: 8183006679162450893, guid: 80665a3033adb454ab8e16eb23ecd013,
        type: 3}
      propertyPath: m_SortingOrder
      value: 0
      objectReference: {fileID: 0}
    - target: {fileID: 8624804679055961040, guid: 80665a3033adb454ab8e16eb23ecd013,
        type: 3}
      propertyPath: m_Layer
      value: 0
      objectReference: {fileID: 0}
    m_RemovedComponents: []
  m_SourcePrefab: {fileID: 100100000, guid: 80665a3033adb454ab8e16eb23ecd013, type: 3}
--- !u!114 &5075323482765284154 stripped
MonoBehaviour:
  m_CorrespondingSourceObject: {fileID: 8046182927062137341, guid: 80665a3033adb454ab8e16eb23ecd013,
    type: 3}
  m_PrefabInstance: {fileID: 3010343457751673543}
  m_PrefabAsset: {fileID: 0}
  m_GameObject: {fileID: 0}
  m_Enabled: 1
  m_EditorHideFlags: 0
  m_Script: {fileID: 11500000, guid: 4e29b1a8efbd4b44bb3f3716e73f07ff, type: 3}
  m_Name: 
  m_EditorClassIdentifier: 
--- !u!1001 &4398061300345055730
PrefabInstance:
  m_ObjectHideFlags: 0
  serializedVersion: 2
  m_Modification:
    m_TransformParent: {fileID: 7465590404775178509}
    m_Modifications:
    - target: {fileID: 538394058654363464, guid: 87ce8b4b67e90024f9596ecbe4297ce1,
        type: 3}
      propertyPath: m_Name
      value: Shop Name TMP
      objectReference: {fileID: 0}
    - target: {fileID: 3043861375434853513, guid: 87ce8b4b67e90024f9596ecbe4297ce1,
        type: 3}
      propertyPath: m_Mesh
      value: 
      objectReference: {fileID: 0}
    - target: {fileID: 7116145051063787940, guid: 87ce8b4b67e90024f9596ecbe4297ce1,
        type: 3}
      propertyPath: m_textInfo.characterCount
      value: 9
      objectReference: {fileID: 0}
    - target: {fileID: 7116145051063787940, guid: 87ce8b4b67e90024f9596ecbe4297ce1,
        type: 3}
      propertyPath: m_textInfo.spaceCount
      value: 1
      objectReference: {fileID: 0}
    - target: {fileID: 7116145051063787940, guid: 87ce8b4b67e90024f9596ecbe4297ce1,
        type: 3}
      propertyPath: m_textInfo.wordCount
      value: 2
      objectReference: {fileID: 0}
    - target: {fileID: 7116145051063787940, guid: 87ce8b4b67e90024f9596ecbe4297ce1,
        type: 3}
      propertyPath: m_textInfo.lineCount
      value: 1
      objectReference: {fileID: 0}
    - target: {fileID: 7116145051063787940, guid: 87ce8b4b67e90024f9596ecbe4297ce1,
        type: 3}
      propertyPath: m_textInfo.pageCount
      value: 1
      objectReference: {fileID: 0}
    - target: {fileID: 7116145051063787940, guid: 87ce8b4b67e90024f9596ecbe4297ce1,
        type: 3}
      propertyPath: m_fontSize
      value: 0.11
      objectReference: {fileID: 0}
    - target: {fileID: 7116145051063787940, guid: 87ce8b4b67e90024f9596ecbe4297ce1,
        type: 3}
      propertyPath: m_fontSizeBase
      value: 0.11
      objectReference: {fileID: 0}
    - target: {fileID: 7744715380688996653, guid: 87ce8b4b67e90024f9596ecbe4297ce1,
        type: 3}
      propertyPath: m_LocalPosition.x
      value: 0
      objectReference: {fileID: 0}
    - target: {fileID: 7744715380688996653, guid: 87ce8b4b67e90024f9596ecbe4297ce1,
        type: 3}
      propertyPath: m_LocalPosition.y
      value: 0
      objectReference: {fileID: 0}
    - target: {fileID: 7744715380688996653, guid: 87ce8b4b67e90024f9596ecbe4297ce1,
        type: 3}
      propertyPath: m_LocalPosition.z
      value: -0.0434
      objectReference: {fileID: 0}
    - target: {fileID: 7744715380688996653, guid: 87ce8b4b67e90024f9596ecbe4297ce1,
        type: 3}
      propertyPath: m_LocalRotation.x
      value: 0.00000013240823
      objectReference: {fileID: 0}
    - target: {fileID: 7744715380688996653, guid: 87ce8b4b67e90024f9596ecbe4297ce1,
        type: 3}
      propertyPath: m_LocalRotation.y
      value: 0.7071068
      objectReference: {fileID: 0}
    - target: {fileID: 7744715380688996653, guid: 87ce8b4b67e90024f9596ecbe4297ce1,
        type: 3}
      propertyPath: m_LocalRotation.z
      value: -0.7071068
      objectReference: {fileID: 0}
    - target: {fileID: 7744715380688996653, guid: 87ce8b4b67e90024f9596ecbe4297ce1,
        type: 3}
      propertyPath: m_LocalRotation.w
      value: 0.00000013240823
      objectReference: {fileID: 0}
    - target: {fileID: 7744715380688996653, guid: 87ce8b4b67e90024f9596ecbe4297ce1,
        type: 3}
      propertyPath: m_RootOrder
      value: 1
      objectReference: {fileID: 0}
    - target: {fileID: 7744715380688996653, guid: 87ce8b4b67e90024f9596ecbe4297ce1,
        type: 3}
      propertyPath: m_LocalEulerAnglesHint.x
      value: -270
      objectReference: {fileID: 0}
    - target: {fileID: 7744715380688996653, guid: 87ce8b4b67e90024f9596ecbe4297ce1,
        type: 3}
      propertyPath: m_LocalEulerAnglesHint.y
      value: 0
      objectReference: {fileID: 0}
    - target: {fileID: 7744715380688996653, guid: 87ce8b4b67e90024f9596ecbe4297ce1,
        type: 3}
      propertyPath: m_LocalEulerAnglesHint.z
      value: 180.00002
      objectReference: {fileID: 0}
    - target: {fileID: 7744715380688996653, guid: 87ce8b4b67e90024f9596ecbe4297ce1,
        type: 3}
      propertyPath: m_AnchoredPosition.x
      value: 0.0004
      objectReference: {fileID: 0}
    - target: {fileID: 7744715380688996653, guid: 87ce8b4b67e90024f9596ecbe4297ce1,
        type: 3}
      propertyPath: m_AnchoredPosition.y
      value: -0.0087
      objectReference: {fileID: 0}
    - target: {fileID: 7744715380688996653, guid: 87ce8b4b67e90024f9596ecbe4297ce1,
        type: 3}
      propertyPath: m_SizeDelta.x
      value: 20
      objectReference: {fileID: 0}
    - target: {fileID: 7744715380688996653, guid: 87ce8b4b67e90024f9596ecbe4297ce1,
        type: 3}
      propertyPath: m_SizeDelta.y
      value: 5
      objectReference: {fileID: 0}
    - target: {fileID: 7744715380688996653, guid: 87ce8b4b67e90024f9596ecbe4297ce1,
        type: 3}
      propertyPath: m_AnchorMin.x
      value: 0.5
      objectReference: {fileID: 0}
    - target: {fileID: 7744715380688996653, guid: 87ce8b4b67e90024f9596ecbe4297ce1,
        type: 3}
      propertyPath: m_AnchorMin.y
      value: 0.5
      objectReference: {fileID: 0}
    - target: {fileID: 7744715380688996653, guid: 87ce8b4b67e90024f9596ecbe4297ce1,
        type: 3}
      propertyPath: m_AnchorMax.x
      value: 0.5
      objectReference: {fileID: 0}
    - target: {fileID: 7744715380688996653, guid: 87ce8b4b67e90024f9596ecbe4297ce1,
        type: 3}
      propertyPath: m_AnchorMax.y
      value: 0.5
      objectReference: {fileID: 0}
    - target: {fileID: 7744715380688996653, guid: 87ce8b4b67e90024f9596ecbe4297ce1,
        type: 3}
      propertyPath: m_Pivot.x
      value: 0.5
      objectReference: {fileID: 0}
    - target: {fileID: 7744715380688996653, guid: 87ce8b4b67e90024f9596ecbe4297ce1,
        type: 3}
      propertyPath: m_Pivot.y
      value: 0.5
      objectReference: {fileID: 0}
    m_RemovedComponents: []
  m_SourcePrefab: {fileID: 100100000, guid: 87ce8b4b67e90024f9596ecbe4297ce1, type: 3}
--- !u!224 &6229548008049828063 stripped
RectTransform:
  m_CorrespondingSourceObject: {fileID: 7744715380688996653, guid: 87ce8b4b67e90024f9596ecbe4297ce1,
    type: 3}
  m_PrefabInstance: {fileID: 4398061300345055730}
  m_PrefabAsset: {fileID: 0}
--- !u!114 &6901956970634938454 stripped
MonoBehaviour:
  m_CorrespondingSourceObject: {fileID: 7116145051063787940, guid: 87ce8b4b67e90024f9596ecbe4297ce1,
    type: 3}
  m_PrefabInstance: {fileID: 4398061300345055730}
  m_PrefabAsset: {fileID: 0}
  m_GameObject: {fileID: 0}
  m_Enabled: 1
  m_EditorHideFlags: 0
  m_Script: {fileID: 11500000, guid: 9541d86e2fd84c1d9990edf0852d74ab, type: 3}
  m_Name: 
  m_EditorClassIdentifier: 
